<?xml version="1.0" encoding="UTF-8"?>
<collection xmlns:xsi="http://www.w3.org/2001/XMLSchema-instance" xsi:schemaLocation="http://www.loc.gov/MARC21/slim http://www.loc.gov/standards/marcxml/schema/MARC21slim.xsd" xmlns="http://www.loc.gov/MARC21/slim">
<record>
  <leader>02716cam a2200421 a 4500</leader>
  <controlfield tag="001">2682308</controlfield>
  <controlfield tag="003">NNC</controlfield>
  <controlfield tag="005">20151221160333.0</controlfield>
  <controlfield tag="008">850204s1954    ir       i    000 0dara d</controlfield>
  <datafield tag="010" ind1=" " ind2=" ">
    <subfield code="a">  2007550842</subfield>
  </datafield>
  <datafield tag="019" ind1=" " ind2=" ">
    <subfield code="a">21751297</subfield>
  </datafield>
  <datafield tag="035" ind1=" " ind2=" ">
    <subfield code="a">(OCoLC)ocn123351895</subfield>
  </datafield>
  <datafield tag="035" ind1=" " ind2=" ">
    <subfield code="a">(OCoLC)123351895</subfield>
    <subfield code="z">(OCoLC)21751297</subfield>
  </datafield>
  <datafield tag="035" ind1=" " ind2=" ">
    <subfield code="a">(NNC)2682308</subfield>
  </datafield>
  <datafield tag="040" ind1=" " ind2=" ">
    <subfield code="a">CU</subfield>
    <subfield code="b">eng</subfield>
    <subfield code="c">CUY</subfield>
    <subfield code="d">DLC</subfield>
    <subfield code="d">OCLCO</subfield>
    <subfield code="d">OCLCQ</subfield>
  </datafield>
  <datafield tag="041" ind1="0" ind2=" ">
    <subfield code="a">ara</subfield>
    <subfield code="a">per</subfield>
  </datafield>
  <datafield tag="042" ind1=" " ind2=" ">
    <subfield code="a">lccopycat</subfield>
  </datafield>
  <datafield tag="043" ind1=" " ind2=" ">
    <subfield code="a">a-ir---</subfield>
  </datafield>
  <datafield tag="050" ind1="0" ind2="0">
    <subfield code="a">BP63.I682</subfield>
    <subfield code="b">Q3972 1954</subfield>
  </datafield>
  <datafield tag="050" ind1=" " ind2="4">
    <subfield code="a">DS325.K3</subfield>
    <subfield code="b">M8 1954</subfield>
  </datafield>
  <datafield tag="100" ind1="1" ind2=" ">
    <subfield code="6">880-01</subfield>
    <subfield code="a">Muḥaddis̲, Jalāl al-Dīn Ḥusaynī.</subfield>
  </datafield>
  <datafield tag="245" ind1="1" ind2="0">
    <subfield code="6">880-02</subfield>
    <subfield code="a">Fihrist asmāʼ al-rijāl al-madhkūrah aḥwāluhum fī Kitāb al-tadwīn li-Ābī al-Qāsim ʻAbd al-Karīm al-Rāfiʻī al-Qazvīnī /</subfield>
    <subfield code="c">ʻuniya bi-istikhrāj al-Fihrist wa-ṭabʻih wa-nashrih wa-taqdīm muqaddimah ʻalayh Mīr Jalāl al-Dīn al-Ḥusaynī al-Urmawī al-mushtahir bi-al-Muḥaddith.</subfield>
  </datafield>
  <datafield tag="260" ind1=" " ind2=" ">
    <subfield code="6">880-03</subfield>
    <subfield code="a">[Ṭihrān] :</subfield>
    <subfield code="b">Chāp-i Rangīn,</subfield>
    <subfield code="c">1333 [1954 or 1955]</subfield>
  </datafield>
  <datafield tag="300" ind1=" " ind2=" ">
    <subfield code="a">16,103 pages ;</subfield>
    <subfield code="c">24 cm</subfield>
  </datafield>
  <datafield tag="336" ind1=" " ind2=" ">
    <subfield code="a">text</subfield>
    <subfield code="b">txt</subfield>
    <subfield code="2">rdacontent</subfield>
  </datafield>
  <datafield tag="337" ind1=" " ind2=" ">
    <subfield code="a">unmediated</subfield>
    <subfield code="b">n</subfield>
    <subfield code="2">rdamedia</subfield>
  </datafield>
  <datafield tag="338" ind1=" " ind2=" ">
    <subfield code="a">volume</subfield>
    <subfield code="b">nc</subfield>
    <subfield code="2">rdacarrier</subfield>
  </datafield>
  <datafield tag="546" ind1=" " ind2=" ">
    <subfield code="a">In Arabic and Persian.</subfield>
  </datafield>
  <datafield tag="500" ind1=" " ind2=" ">
    <subfield code="a">The title of al-Rāfʻīʻs work is variously cited. Brockelmann cites it as Kitāb al-tadwīn fī dhikr ahl al-ʻilm bi qazwīn in his Supplementband I:393 and the Encyclopaedia of Islam, new ed., cites it as Kitāb al-tadwīn fī akhbār Kazwīn (v. 4 (1976), p. 859).</subfield>
  </datafield>
  <datafield tag="500" ind1=" " ind2=" ">
    <subfield code="a">Index of proper names in al-Rafiʻī's.</subfield>
  </datafield>
  <datafield tag="600" ind1="1" ind2="0">
    <subfield code="6">880-04</subfield>
    <subfield code="a">Rāfiʻī, ʻAbd al-Karīm ibn Muḥammad,</subfield>
    <subfield code="d">1162-1226.</subfield>
    <subfield code="t">Tadwīn fī akhbār Qazwīn</subfield>
    <subfield code="v">Indexes.</subfield>
  </datafield>
  <datafield tag="651" ind1=" " ind2="0">
    <subfield code="a">Qazvīn (Iran)</subfield>
    <subfield code="v">Biography.</subfield>
  </datafield>
  <datafield tag="776" ind1="0" ind2="8">
    <subfield code="i">Online version:</subfield>
    <subfield code="a">Muḥaddis̲, Jalāl al-Dīn Ḥusaynī.</subfield>
    <subfield code="t">Fihrist asmāʼ al-rijāl al-madhkūrah aḥwāluhum fī Kitāb al-tadwīn li-Ābī al-Qāsim ʻAbd al-Karīm al-Rāfiʻī al-Qazvīnī.</subfield>
    <subfield code="d">[Ṭihrān] : Chāp-i Rangīn, 1333 [1954 or 1955]</subfield>
    <subfield code="w">(OCoLC)575401054</subfield>
  </datafield>
  <datafield tag="880" ind1="1" ind2=" ">
    <subfield code="6">100-01/r</subfield>
    <subfield code="a">محدث، جلال الدين حسينى.</subfield>
  </datafield>
  <datafield tag="880" ind1="1" ind2="0">
    <subfield code="6">245-02/r</subfield>
    <subfield code="a">فهرست اسماء الرجال المذكورة أحوالهم فى كتاب التدوين لأبى القاسم عبد الكريم الرافعى القزوينى /</subfield>
    <subfield code="c">عنى با استخراج الفهرست وطبعه ونشره وتقديم مقدمة عليه مير جلال الدين الحسينى الارموى المشتهر بالمحدث.</subfield>
  </datafield>
  <datafield tag="880" ind1=" " ind2=" ">
    <subfield code="6">260-03/r</subfield>
    <subfield code="a">[طهران]</subfield>
    <subfield code="b">چاپ رنگين،</subfield>
    <subfield code="c">1333 [1954 or 1955].</subfield>
  </datafield>
  <datafield tag="880" ind1="1" ind2="4">
    <subfield code="6">600-04/r</subfield>
    <subfield code="a">رافعى، عبد الكريم بن محمد,</subfield>
    <subfield code="d">1162-1226.</subfield>
    <subfield code="t">تدوين فى أخبار قزوين.</subfield>
  </datafield>
  <datafield tag="955" ind1=" " ind2=" ">
    <subfield code="b">0026675714</subfield>
    <subfield code="d">glx</subfield>
    <subfield code="e">955K64 M725</subfield>
  </datafield>
</record>
</collection>